%YAML 1.1
%TAG !u! tag:unity3d.com,2011:
--- !u!1 &5338889782980996321
GameObject:
  m_ObjectHideFlags: 0
  m_CorrespondingSourceObject: {fileID: 0}
  m_PrefabInstance: {fileID: 0}
  m_PrefabAsset: {fileID: 0}
  serializedVersion: 6
  m_Component:
  - component: {fileID: 5338889782980996329}
  - component: {fileID: 5338889782980996328}
  - component: {fileID: 5338889782980996335}
  - component: {fileID: 5338889782980996334}
  - component: {fileID: 5338889782980996333}
  - component: {fileID: 5338889782980996332}
  - component: {fileID: 5338889782980996323}
  - component: {fileID: 5338889782980996322}
  m_Layer: 9
  m_Name: FireSmall
  m_TagString: Fire
  m_Icon: {fileID: 0}
  m_NavMeshLayer: 0
  m_StaticEditorFlags: 0
  m_IsActive: 1
--- !u!4 &5338889782980996329
Transform:
  m_ObjectHideFlags: 0
  m_CorrespondingSourceObject: {fileID: 0}
  m_PrefabInstance: {fileID: 0}
  m_PrefabAsset: {fileID: 0}
  m_GameObject: {fileID: 5338889782980996321}
  m_LocalRotation: {x: 0, y: 0, z: 0, w: 1}
  m_LocalPosition: {x: -4.909, y: -4.044, z: 0.0009765625}
  m_LocalScale: {x: 1, y: 1, z: 1}
  m_Children:
  - {fileID: 5338889784031553904}
  - {fileID: 7789636384406967739}
  m_Father: {fileID: 0}
  m_RootOrder: 0
  m_LocalEulerAnglesHint: {x: 0, y: 0, z: 0}
--- !u!212 &5338889782980996328
SpriteRenderer:
  m_ObjectHideFlags: 0
  m_CorrespondingSourceObject: {fileID: 0}
  m_PrefabInstance: {fileID: 0}
  m_PrefabAsset: {fileID: 0}
  m_GameObject: {fileID: 5338889782980996321}
  m_Enabled: 1
  m_CastShadows: 0
  m_ReceiveShadows: 0
  m_DynamicOccludee: 1
  m_MotionVectors: 1
  m_LightProbeUsage: 1
  m_ReflectionProbeUsage: 1
  m_RenderingLayerMask: 1
  m_RendererPriority: 0
  m_Materials:
  - {fileID: 10754, guid: 0000000000000000f000000000000000, type: 0}
  m_StaticBatchInfo:
    firstSubMesh: 0
    subMeshCount: 0
  m_StaticBatchRoot: {fileID: 0}
  m_ProbeAnchor: {fileID: 0}
  m_LightProbeVolumeOverride: {fileID: 0}
  m_ScaleInLightmap: 1
  m_PreserveUVs: 0
  m_IgnoreNormalsForChartDetection: 0
  m_ImportantGI: 0
  m_StitchLightmapSeams: 0
  m_SelectedEditorRenderState: 0
  m_MinimumChartSize: 4
  m_AutoUVMaxDistance: 0.5
  m_AutoUVMaxAngle: 89
  m_LightmapParameters: {fileID: 0}
  m_SortingLayerID: 0
  m_SortingLayer: 0
  m_SortingOrder: 10
  m_Sprite: {fileID: 21300000, guid: 84ade566c6efb1b4795e47c88c1c8676, type: 3}
  m_Color: {r: 1, g: 1, b: 1, a: 1}
  m_FlipX: 0
  m_FlipY: 0
  m_DrawMode: 0
  m_Size: {x: 1, y: 1}
  m_AdaptiveModeThreshold: 0.5
  m_SpriteTileMode: 0
  m_WasSpriteAssigned: 1
  m_MaskInteraction: 0
  m_SpriteSortPoint: 0
--- !u!50 &5338889782980996335
Rigidbody2D:
  serializedVersion: 4
  m_ObjectHideFlags: 0
  m_CorrespondingSourceObject: {fileID: 0}
  m_PrefabInstance: {fileID: 0}
  m_PrefabAsset: {fileID: 0}
  m_GameObject: {fileID: 5338889782980996321}
  m_BodyType: 1
  m_Simulated: 1
  m_UseFullKinematicContacts: 0
  m_UseAutoMass: 0
  m_Mass: 1
  m_LinearDrag: 0
  m_AngularDrag: 0.05
  m_GravityScale: 1
  m_Material: {fileID: 0}
  m_Interpolate: 0
  m_SleepingMode: 1
  m_CollisionDetection: 0
  m_Constraints: 0
--- !u!95 &5338889782980996334
Animator:
  serializedVersion: 3
  m_ObjectHideFlags: 0
  m_CorrespondingSourceObject: {fileID: 0}
  m_PrefabInstance: {fileID: 0}
  m_PrefabAsset: {fileID: 0}
  m_GameObject: {fileID: 5338889782980996321}
  m_Enabled: 1
  m_Avatar: {fileID: 0}
  m_Controller: {fileID: 9100000, guid: 1d4bc7be613e7b643a2900af8fcd1850, type: 2}
  m_CullingMode: 0
  m_UpdateMode: 0
  m_ApplyRootMotion: 0
  m_LinearVelocityBlending: 0
  m_WarningMessage: 
  m_HasTransformHierarchy: 1
  m_AllowConstantClipSamplingOptimization: 1
  m_KeepAnimatorControllerStateOnDisable: 0
--- !u!114 &5338889782980996333
MonoBehaviour:
  m_ObjectHideFlags: 0
  m_CorrespondingSourceObject: {fileID: 0}
  m_PrefabInstance: {fileID: 0}
  m_PrefabAsset: {fileID: 0}
  m_GameObject: {fileID: 5338889782980996321}
  m_Enabled: 1
  m_EditorHideFlags: 0
  m_Script: {fileID: 11500000, guid: 23eaddf85b017431ea7ccde8503d59bd, type: 3}
  m_Name: 
  m_EditorClassIdentifier: 
  FireGameobject: {fileID: 5338889782980996321}
  SpawnArea: 1
  FireSpreadThreshold: 37.5
  SpeedIncreaseThreshold: 1
  Spawned: 0
  TimeToRespawn: 60
--- !u!114 &5338889782980996332
MonoBehaviour:
  m_ObjectHideFlags: 0
  m_CorrespondingSourceObject: {fileID: 0}
  m_PrefabInstance: {fileID: 0}
  m_PrefabAsset: {fileID: 0}
  m_GameObject: {fileID: 5338889782980996321}
  m_Enabled: 1
  m_EditorHideFlags: 0
  m_Script: {fileID: 11500000, guid: 99313d63cc046f747aae73f65eb98984, type: 3}
  m_Name: 
  m_EditorClassIdentifier: 
  health: {fileID: 5338889782980996323}
  Delay: 5
--- !u!114 &5338889782980996323
MonoBehaviour:
  m_ObjectHideFlags: 0
  m_CorrespondingSourceObject: {fileID: 0}
  m_PrefabInstance: {fileID: 0}
  m_PrefabAsset: {fileID: 0}
  m_GameObject: {fileID: 5338889782980996321}
  m_Enabled: 1
  m_EditorHideFlags: 0
  m_Script: {fileID: 11500000, guid: 5511f99b6dffc0f4880ae0893b75124d, type: 3}
  m_Name: 
  m_EditorClassIdentifier: 
  MaxHealth: 75
  CurHealth: 20
  PercentageHealth: 0
  HealthRegen: 10
  Respawnable: 1
  Destroyed: 0
  ParticleEffect: {fileID: 263262125777416170, guid: 48a0726a822275c4e8b790d3a69cc08a,
    type: 3}
  Lighting: {fileID: 5338889784031553909}
  Particles: {fileID: 7789636384406967738}
--- !u!61 &5338889782980996322
BoxCollider2D:
  m_ObjectHideFlags: 0
  m_CorrespondingSourceObject: {fileID: 0}
  m_PrefabInstance: {fileID: 0}
  m_PrefabAsset: {fileID: 0}
  m_GameObject: {fileID: 5338889782980996321}
  m_Enabled: 1
  m_Density: 1
  m_Material: {fileID: 0}
  m_IsTrigger: 0
  m_UsedByEffector: 0
  m_UsedByComposite: 0
  m_Offset: {x: 0.006483078, y: 0}
  m_SpriteTilingProperty:
    border: {x: 0, y: 0, z: 0, w: 0}
    pivot: {x: 0.5, y: 0.5}
    oldSize: {x: 1, y: 1}
    newSize: {x: 1, y: 1}
    adaptiveTilingThreshold: 0.5
    drawMode: 0
    adaptiveTiling: 0
  m_AutoTiling: 0
  serializedVersion: 2
  m_Size: {x: 1.0129662, y: 1}
  m_EdgeRadius: 0
--- !u!1 &5338889784031553909
GameObject:
  m_ObjectHideFlags: 0
  m_CorrespondingSourceObject: {fileID: 0}
  m_PrefabInstance: {fileID: 0}
  m_PrefabAsset: {fileID: 0}
  serializedVersion: 6
  m_Component:
  - component: {fileID: 5338889784031553904}
  - component: {fileID: 5338889784031553911}
  - component: {fileID: 5338889784031553910}
  m_Layer: 0
  m_Name: Fire_light (1)
  m_TagString: Untagged
  m_Icon: {fileID: 0}
  m_NavMeshLayer: 0
  m_StaticEditorFlags: 0
  m_IsActive: 1
--- !u!4 &5338889784031553904
Transform:
  m_ObjectHideFlags: 0
  m_CorrespondingSourceObject: {fileID: 0}
  m_PrefabInstance: {fileID: 0}
  m_PrefabAsset: {fileID: 0}
  m_GameObject: {fileID: 5338889784031553909}
  m_LocalRotation: {x: -0, y: -0, z: -0, w: 1}
  m_LocalPosition: {x: -0.128, y: -0.182, z: -0.24697655}
  m_LocalScale: {x: 3.49224, y: 3.49224, z: 3.49224}
  m_Children: []
  m_Father: {fileID: 5338889782980996329}
  m_RootOrder: 0
  m_LocalEulerAnglesHint: {x: 0, y: 0, z: 0}
--- !u!108 &5338889784031553911
Light:
  m_ObjectHideFlags: 0
  m_CorrespondingSourceObject: {fileID: 0}
  m_PrefabInstance: {fileID: 0}
  m_PrefabAsset: {fileID: 0}
  m_GameObject: {fileID: 5338889784031553909}
  m_Enabled: 1
  serializedVersion: 8
  m_Type: 2
  m_Color: {r: 1, g: 0.39664507, b: 0, a: 1}
  m_Intensity: 15
  m_Range: 2.5
  m_SpotAngle: 30
  m_CookieSize: 10
  m_Shadows:
    m_Type: 1
    m_Resolution: -1
    m_CustomResolution: -1
    m_Strength: 1
    m_Bias: 0.05
    m_NormalBias: 1.06
    m_NearPlane: 0.2
  m_Cookie: {fileID: 0}
  m_DrawHalo: 0
  m_Flare: {fileID: 0}
  m_RenderMode: 0
  m_CullingMask:
    serializedVersion: 2
    m_Bits: 4294967295
  m_Lightmapping: 4
  m_LightShadowCasterMode: 0
  m_AreaSize: {x: 1, y: 1}
  m_BounceIntensity: 1
  m_ColorTemperature: 6570
  m_UseColorTemperature: 0
  m_ShadowRadius: 0
  m_ShadowAngle: 0
--- !u!95 &5338889784031553910
Animator:
  serializedVersion: 3
  m_ObjectHideFlags: 0
  m_CorrespondingSourceObject: {fileID: 0}
  m_PrefabInstance: {fileID: 0}
  m_PrefabAsset: {fileID: 0}
  m_GameObject: {fileID: 5338889784031553909}
  m_Enabled: 1
  m_Avatar: {fileID: 0}
  m_Controller: {fileID: 9100000, guid: 831e128c2353e084682673b13bd5ef1c, type: 2}
  m_CullingMode: 0
  m_UpdateMode: 0
  m_ApplyRootMotion: 0
  m_LinearVelocityBlending: 0
  m_WarningMessage: 
  m_HasTransformHierarchy: 1
  m_AllowConstantClipSamplingOptimization: 1
  m_KeepAnimatorControllerStateOnDisable: 0
--- !u!1001 &5338889784763092961
PrefabInstance:
  m_ObjectHideFlags: 0
  serializedVersion: 2
  m_Modification:
    m_TransformParent: {fileID: 5338889782980996329}
    m_Modifications:
    - target: {fileID: 2742079735659829850, guid: eaa3a2a6e03887645af0e6dd93d6ced2,
        type: 3}
      propertyPath: m_LocalRotation.y
      value: -0
      objectReference: {fileID: 0}
    - target: {fileID: 2742079735659829850, guid: eaa3a2a6e03887645af0e6dd93d6ced2,
        type: 3}
      propertyPath: m_LocalRotation.z
      value: -0
      objectReference: {fileID: 0}
    - target: {fileID: 2742079735659829850, guid: eaa3a2a6e03887645af0e6dd93d6ced2,
        type: 3}
      propertyPath: m_LocalPosition.x
      value: -0.04799986
      objectReference: {fileID: 0}
    - target: {fileID: 2742079735659829850, guid: eaa3a2a6e03887645af0e6dd93d6ced2,
        type: 3}
      propertyPath: m_LocalPosition.y
      value: 0.13399982
      objectReference: {fileID: 0}
    - target: {fileID: 2742079735659829850, guid: eaa3a2a6e03887645af0e6dd93d6ced2,
        type: 3}
      propertyPath: m_LocalScale.z
      value: 0.007900003
      objectReference: {fileID: 0}
    - target: {fileID: 2742079735659829850, guid: eaa3a2a6e03887645af0e6dd93d6ced2,
        type: 3}
      propertyPath: m_RootOrder
      value: 1
      objectReference: {fileID: 0}
    - target: {fileID: 2742079735659829850, guid: eaa3a2a6e03887645af0e6dd93d6ced2,
        type: 3}
      propertyPath: m_LocalPosition.z
      value: -0.0009765625
      objectReference: {fileID: 0}
    - target: {fileID: 2742079735659829853, guid: eaa3a2a6e03887645af0e6dd93d6ced2,
        type: 3}
      propertyPath: m_SortingOrder
      value: 9
      objectReference: {fileID: 0}
    m_RemovedComponents: []
  m_SourcePrefab: {fileID: 100100000, guid: eaa3a2a6e03887645af0e6dd93d6ced2, type: 3}
--- !u!1 &7789636384406967738 stripped
GameObject:
  m_CorrespondingSourceObject: {fileID: 2742079735659829851, guid: eaa3a2a6e03887645af0e6dd93d6ced2,
    type: 3}
  m_PrefabInstance: {fileID: 5338889784763092961}
  m_PrefabAsset: {fileID: 0}
--- !u!4 &7789636384406967739 stripped
Transform:
  m_CorrespondingSourceObject: {fileID: 2742079735659829850, guid: eaa3a2a6e03887645af0e6dd93d6ced2,
    type: 3}
  m_PrefabInstance: {fileID: 5338889784763092961}
  m_PrefabAsset: {fileID: 0}
